<OAI-PMH xmlns="http://www.openarchives.org/OAI/2.0/" xmlns:xsi="http://www.w3.org/2001/XMLSchema-instance" xsi:schemaLocation="http://www.openarchives.org/OAI/2.0/ http://www.openarchives.org/OAI/2.0/OAI-PMH.xsd">
  <responseDate>2024-06-21T10:13:15Z</responseDate>
  <request verb="ListRecords" metadataPrefix="marc21" set="slsp_mongodb">https://slsp-network.alma.exlibrisgroup.com/view/oai/41SLSP_NETWORK/request</request>
  <ListRecords>
      <record>
      <header>
        <identifier>oai:alma.41SLSP_NETWORK:991171847533305501</identifier>
        <datestamp>2024-04-02T12:42:19Z</datestamp>
        <setSpec>oai_rnv</setSpec>
        <setSpec>slsp_mongodb</setSpec>
      </header>
      <metadata>
        <record xmlns="http://www.loc.gov/MARC21/slim" xmlns:xsi="http://www.w3.org/2001/XMLSchema-instance" xsi:schemaLocation="http://www.loc.gov/MARC21/slim http://www.loc.gov/standards/marcxml/schema/MARC21slim.xsd">
          <leader>01757nam a2200313 c 4500</leader>
          <controlfield tag="005">20240305130909.0</controlfield>
          <controlfield tag="008">240222s2023    un ||||      |00| ||ukr d</controlfield>
          <controlfield tag="001">991171847533305501</controlfield>
          <datafield tag="020" ind1=" " ind2=" ">
            <subfield code="a">9789663088846</subfield>
          </datafield>
          <datafield tag="040" ind1=" " ind2=" ">
            <subfield code="a">CH-ZuSLS UBE</subfield>
            <subfield code="b">ger</subfield>
            <subfield code="e">rda</subfield>
          </datafield>
          <datafield tag="082" ind1="7" ind2="4">
            <subfield code="a">891.8</subfield>
            <subfield code="2">23sdnb</subfield>
          </datafield>
          <datafield tag="084" ind1=" " ind2=" ">
            <subfield code="a">B</subfield>
            <subfield code="2">23sdnb</subfield>
          </datafield>
          <datafield tag="245" ind1="0" ind2="0">
            <subfield code="6">880-01</subfield>
            <subfield code="a">Paljanycja</subfield>
            <subfield code="b">ukra&#239;n'ska dlja po&#269;atkivciv</subfield>
            <subfield code="c">Olesa Kalyny&#269;, Ljudmyla Kotkova, Taras Kremin'</subfield>
          </datafield>
          <datafield tag="880" ind1="0" ind2="0">
            <subfield code="6">245-01/(N</subfield>
            <subfield code="a">&#1055;&#1072;&#1083;&#1103;&#1085;&#1080;&#1094;&#1103;</subfield>
            <subfield code="b">&#1091;&#1082;&#1088;&#1072;&#1111;&#1085;&#1089;&#1100;&#1082;&#1072; &#1076;&#1083;&#1103; &#1087;&#1086;&#1095;&#1072;&#1090;&#1082;&#1110;&#1074;&#1094;&#1110;&#1074;</subfield>
          </datafield>
          <datafield tag="264" ind1=" " ind2="1">
            <subfield code="a">Ternopil'</subfield>
            <subfield code="b">Aston</subfield>
            <subfield code="c">2023</subfield>
          </datafield>
          <datafield tag="300" ind1=" " ind2=" ">
            <subfield code="a">159 Seiten</subfield>
            <subfield code="b">Illustrationen</subfield>
          </datafield>
          <datafield tag="336" ind1=" " ind2=" ">
            <subfield code="b">txt</subfield>
            <subfield code="2">rdacontent</subfield>
          </datafield>
          <datafield tag="337" ind1=" " ind2=" ">
            <subfield code="b">n</subfield>
            <subfield code="2">rdamedia</subfield>
          </datafield>
          <datafield tag="338" ind1=" " ind2=" ">
            <subfield code="b">nc</subfield>
            <subfield code="2">rdacarrier</subfield>
          </datafield>
          <datafield tag="650" ind1=" " ind2="7">
            <subfield code="a">Ukrainisch</subfield>
            <subfield code="2">gnd</subfield>
            <subfield code="0">(DE-588)4120373-2</subfield>
          </datafield>
          <datafield tag="650" ind1=" " ind2="7">
            <subfield code="a">Fremdsprache Anf&#228;nger</subfield>
            <subfield code="2">gnd</subfield>
          </datafield>
          <datafield tag="655" ind1=" " ind2="7">
            <subfield code="a">Lehrmittel</subfield>
            <subfield code="2">gnd-content</subfield>
          </datafield>
          <datafield tag="700" ind1="1" ind2=" ">
            <subfield code="6">880-02</subfield>
            <subfield code="a">Kalyny&#269;, Olesja Vasylivna</subfield>
            <subfield code="4">edt</subfield>
          </datafield>
          <datafield tag="880" ind1="1" ind2=" ">
            <subfield code="6">700-02/(N</subfield>
            <subfield code="a">&#1050;&#1072;&#1083;&#1080;&#1085;&#1080;&#1095;, &#1054;&#1083;&#1077;&#1089;&#1103; &#1042;&#1072;&#1089;&#1080;&#1083;&#1110;&#1074;&#1085;&#1072;</subfield>
          </datafield>
          <datafield tag="700" ind1="1" ind2=" ">
            <subfield code="6">880-03</subfield>
            <subfield code="a">Kotkova, Ljudmila Yvanivna</subfield>
            <subfield code="4">edt</subfield>
          </datafield>
          <datafield tag="880" ind1="1" ind2=" ">
            <subfield code="6">700-03/(N</subfield>
            <subfield code="a">&#1050;&#1086;&#1090;&#1082;&#1086;&#1074;&#1072;, &#1051;&#1102;&#1076;&#1084;&#1080;&#1083;&#1072; &#1030;&#1074;&#1072;&#1085;&#1110;&#1074;&#1085;&#1072;</subfield>
          </datafield>
          <datafield tag="700" ind1="1" ind2=" ">
            <subfield code="6">880-04</subfield>
            <subfield code="a">Kremin&#697;, Taras Dmytrovy&#269;</subfield>
            <subfield code="d">1978-</subfield>
            <subfield code="0">(DE-588)1027019781</subfield>
          </datafield>
          <datafield tag="880" ind1="1" ind2=" ">
            <subfield code="6">700-04/(N</subfield>
            <subfield code="a">&#1050;&#1088;&#1077;&#1084;&#1110;&#1085;&#1100;, &#1058;&#1072;&#1088;&#1072;&#1089;</subfield>
          </datafield>
          <datafield tag="900" ind1=" " ind2=" ">
            <subfield code="a">Stoppsignal FRED</subfield>
            <subfield code="x">UBE/B410/202402</subfield>
          </datafield>
          <datafield tag="988" ind1=" " ind2=" ">
            <subfield code="c">System</subfield>
            <subfield code="f">41SLSP_NETWORK</subfield>
            <subfield code="i">marc21</subfield>
            <subfield code="l">76</subfield>
            <subfield code="k">01</subfield>
            <subfield code="e">false</subfield>
            <subfield code="d">2024-03-18 14:56:42 Europe/Zurich</subfield>
            <subfield code="g">991171847533305501</subfield>
            <subfield code="j">20</subfield>
            <subfield code="a">prisca.zurron@unibe.ch######41SLSP_UBE</subfield>
            <subfield code="b">2024-02-22 13:48:37 Europe/Zurich</subfield>
          </datafield>
        </record>
      </metadata>
    </record>