
    <record>
      <header>
        <identifier>oai:alma.41SLSP_NETWORK:991171170119905501</identifier>
        <datestamp>2024-06-16T07:01:54Z</datestamp>
        <setSpec>slsp_nz</setSpec>
        <setSpec>oai_rnv</setSpec>
        <setSpec>slsp_nz_exl</setSpec>
        <setSpec>slsp_mongodb</setSpec>
      </header>
      <metadata>
        <record xmlns="http://www.loc.gov/MARC21/slim" xmlns:xsi="http://www.w3.org/2001/XMLSchema-instance" xsi:schemaLocation="http://www.loc.gov/MARC21/slim http://www.loc.gov/standards/marcxml/schema/MARC21slim.xsd">
          <leader>00746nam a2200181 c 4500</leader>
          <controlfield tag="008">230421s1932    sz ||||      |00| ||ger d</controlfield>
          <controlfield tag="005">20230421135832.0</controlfield>
          <controlfield tag="001">991171170119905501</controlfield>
          <datafield tag="040" ind1=" " ind2=" ">
            <subfield code="a">CH-ZuSLS ZBS</subfield>
            <subfield code="b">ger</subfield>
            <subfield code="e">rda</subfield>
          </datafield>
          <datafield tag="245" ind1="0" ind2="0">
            <subfield code="a">Regulativ f&#252;r h&#228;usliche M&#252;tter- und S&#228;uglingspflege-Kurse</subfield>
            <subfield code="c">gemeinsam herausgegeben vom Schweizerischen Roten Kreuz und vom Schweizerischen Samariterbund</subfield>
          </datafield>
          <datafield tag="264" ind1=" " ind2="1">
            <subfield code="a">[Schweiz]</subfield>
            <subfield code="b">[Verlag nicht ermittelbar]</subfield>
            <subfield code="c">[1932]</subfield>
          </datafield>
          <datafield tag="264" ind1=" " ind2="3">
            <subfield code="a">Solothurn</subfield>
            <subfield code="b">Buchdruckerei Vogt-Schild</subfield>
            <subfield code="c">1932</subfield>
          </datafield>
          <datafield tag="300" ind1=" " ind2=" ">
            <subfield code="a">13 Seiten</subfield>
            <subfield code="c">19 cm</subfield>
          </datafield>
          <datafield tag="336" ind1=" " ind2=" ">
            <subfield code="b">txt</subfield>
            <subfield code="2">rdacontent</subfield>
          </datafield>
          <datafield tag="337" ind1=" " ind2=" ">
            <subfield code="b">n</subfield>
            <subfield code="2">rdamedia</subfield>
          </datafield>
          <datafield tag="338" ind1=" " ind2=" ">
            <subfield code="b">nc</subfield>
            <subfield code="2">rdacarrier</subfield>
          </datafield>
          <datafield tag="710" ind1="2" ind2=" ">
            <subfield code="a">Schweizerisches Rotes Kreuz</subfield>
            <subfield code="0">(DE-588)2021731-6</subfield>
            <subfield code="4">isb</subfield>
          </datafield>
          <datafield tag="710" ind1="2" ind2=" ">
            <subfield code="a">Schweizerischer Samariterbund</subfield>
            <subfield code="0">(DE-588)2110939-4</subfield>
            <subfield code="4">isb</subfield>
          </datafield>
          <datafield tag="988" ind1=" " ind2=" ">
            <subfield code="c">System</subfield>
            <subfield code="f">41SLSP_NETWORK</subfield>
            <subfield code="i">marc21</subfield>
            <subfield code="l">50</subfield>
            <subfield code="k">01</subfield>
            <subfield code="e">false</subfield>
            <subfield code="d">2024-05-31 04:16:12 Europe/Zurich</subfield>
            <subfield code="g">991171170119905501</subfield>
            <subfield code="j">20</subfield>
            <subfield code="a">patrick.borer@zbsolothurn.ch######41SLSP_ZBS</subfield>
            <subfield code="b">2023-04-21 13:58:32 Europe/Zurich</subfield>
          </datafield>
        </record>
      </metadata>
    </record>