
    <record>
      <header>
        <identifier>oai:alma.41SLSP_NETWORK:991171166416505501</identifier>
        <datestamp>2024-04-02T12:42:19Z</datestamp>
        <setSpec>slsp_nz</setSpec>
        <setSpec>oai_rnv</setSpec>
        <setSpec>slsp_nz_exl</setSpec>
        <setSpec>slsp_mongodb</setSpec>
      </header>
      <metadata>
        <record xmlns="http://www.loc.gov/MARC21/slim" xmlns:xsi="http://www.w3.org/2001/XMLSchema-instance" xsi:schemaLocation="http://www.loc.gov/MARC21/slim http://www.loc.gov/standards/marcxml/schema/MARC21slim.xsd">
          <leader>01165njm a2200301 c 4500</leader>
          <controlfield tag="005">20230411230116.0</controlfield>
          <controlfield tag="008">230411t20232023po ||nn  |||||| | | zxx d</controlfield>
          <controlfield tag="001">991171166416505501</controlfield>
          <datafield tag="024" ind1="3" ind2=" ">
            <subfield code="a">5609063407693</subfield>
          </datafield>
          <datafield tag="028" ind1="0" ind2="2">
            <subfield code="a">CS 769 CD</subfield>
            <subfield code="b">Creative Sources Recordings</subfield>
          </datafield>
          <datafield tag="040" ind1=" " ind2=" ">
            <subfield code="a">CH-ZuSLS RZS</subfield>
            <subfield code="e">rda</subfield>
          </datafield>
          <datafield tag="082" ind1="7" ind2="4">
            <subfield code="a">780</subfield>
            <subfield code="2">23sdnb</subfield>
          </datafield>
          <datafield tag="245" ind1="0" ind2="0">
            <subfield code="a">Two movements</subfield>
            <subfield code="c">Werckmeister</subfield>
          </datafield>
          <datafield tag="264" ind1=" " ind2="1">
            <subfield code="a">Lisboa</subfield>
            <subfield code="b">Creative Sources Recordings</subfield>
            <subfield code="c">[2023]</subfield>
          </datafield>
          <datafield tag="264" ind1=" " ind2="4">
            <subfield code="c">&#169; 2023</subfield>
          </datafield>
          <datafield tag="300" ind1=" " ind2=" ">
            <subfield code="a">1 CD</subfield>
          </datafield>
          <datafield tag="336" ind1=" " ind2=" ">
            <subfield code="b">prm</subfield>
            <subfield code="2">rdacontent</subfield>
          </datafield>
          <datafield tag="337" ind1=" " ind2=" ">
            <subfield code="b">s</subfield>
            <subfield code="2">rdamedia</subfield>
          </datafield>
          <datafield tag="338" ind1=" " ind2=" ">
            <subfield code="b">sd</subfield>
            <subfield code="2">rdacarrier</subfield>
          </datafield>
          <datafield tag="511" ind1="1" ind2=" ">
            <subfield code="a">Markus Eichenberger (Clarinet) ; Carl Ludwig H&#252;bsch (Tuba) ; Etienne Nillesen (Extended Snare Drum) ; Philip Zoubek (Moog Synthesizer)</subfield>
          </datafield>
          <datafield tag="518" ind1=" " ind2=" ">
            <subfield code="a">Recording on 2nd February 2022 at MUG Einstein Kultur in Munich, Germany</subfield>
          </datafield>
          <datafield tag="655" ind1=" " ind2="7">
            <subfield code="a">CD</subfield>
            <subfield code="2">gnd-carrier</subfield>
          </datafield>
          <datafield tag="690" ind1=" " ind2=" ">
            <subfield code="a">Jazz</subfield>
            <subfield code="2">rzs-LB</subfield>
          </datafield>
          <datafield tag="700" ind1="1" ind2=" ">
            <subfield code="a">Eichenberger, Markus</subfield>
            <subfield code="d">1957-</subfield>
            <subfield code="0">(DE-588)1104133059</subfield>
            <subfield code="4">itr</subfield>
          </datafield>
          <datafield tag="700" ind1="1" ind2=" ">
            <subfield code="a">H&#252;bsch, Carl Ludwig</subfield>
            <subfield code="d">1966-</subfield>
            <subfield code="0">(DE-588)135241006</subfield>
            <subfield code="4">itr</subfield>
          </datafield>
          <datafield tag="700" ind1="1" ind2=" ">
            <subfield code="a">Nillesen, Etienne</subfield>
            <subfield code="0">(DE-588)136154352</subfield>
            <subfield code="4">itr</subfield>
          </datafield>
          <datafield tag="700" ind1="1" ind2=" ">
            <subfield code="a">Zoubek, Philip</subfield>
            <subfield code="d">1978-</subfield>
            <subfield code="0">(DE-588)142741965</subfield>
            <subfield code="4">itr</subfield>
          </datafield>
          <datafield tag="710" ind1="2" ind2=" ">
            <subfield code="a">Werckmeister</subfield>
            <subfield code="g">Musikgruppe</subfield>
            <subfield code="0">(DE-588)1285919025</subfield>
            <subfield code="4">itr</subfield>
          </datafield>
          <datafield tag="988" ind1=" " ind2=" ">
            <subfield code="c">System</subfield>
            <subfield code="f">41SLSP_NETWORK</subfield>
            <subfield code="i">marc21</subfield>
            <subfield code="l">77</subfield>
            <subfield code="k">01</subfield>
            <subfield code="e">false</subfield>
            <subfield code="d">2023-04-18 04:44:43 Europe/Zurich</subfield>
            <subfield code="g">991171166416505501</subfield>
            <subfield code="j">20</subfield>
            <subfield code="a">andreas.niederberger@hslu.ch######41SLSP_RZS</subfield>
            <subfield code="b">2023-04-11 17:13:47 Europe/Zurich</subfield>
          </datafield>
        </record>
      </metadata>
    </record>
    <record>
      <header status="deleted">
        <identifier>oai:alma.41SLSP_NETWORK:991171847533305501</identifier>
        <datestamp>2024-12-14T12:42:19Z</datestamp>
        <setSpec>oai_rnv</setSpec>
        <setSpec>slsp_mongodb</setSpec>
      </header>
    </record>