
    <record>
      <header>
        <identifier>oai:alma.41SLSP_NETWORK:991171133322905501</identifier>
        <datestamp>2024-06-20T12:42:19Z</datestamp>
        <setSpec>slsp_nz</setSpec>
        <setSpec>oai_isbn</setSpec>
        <setSpec>oai_rnv</setSpec>
        <setSpec>slsp_nz_exl</setSpec>
        <setSpec>slsp_mongodb</setSpec>
      </header>
      <metadata>
        <record xmlns="http://www.loc.gov/MARC21/slim" xmlns:xsi="http://www.w3.org/2001/XMLSchema-instance" xsi:schemaLocation="http://www.loc.gov/MARC21/slim http://www.loc.gov/standards/marcxml/schema/MARC21slim.xsd">
          <leader>00761nam a22002417c 4500</leader>
          <controlfield tag="005">20231113150729.0</controlfield>
          <controlfield tag="008">020408s2002    it            000 0 ita d</controlfield>
          <controlfield tag="001">991171133322905501</controlfield>
          <datafield tag="020" ind1=" " ind2=" ">
            <subfield code="a">9788834336755</subfield>
          </datafield>
          <datafield tag="035" ind1=" " ind2=" ">
            <subfield code="a">(OCoLC)889082598</subfield>
          </datafield>
          <datafield tag="040" ind1=" " ind2=" ">
            <subfield code="a">ITCPE</subfield>
            <subfield code="b">ita</subfield>
            <subfield code="c">ITCPE</subfield>
            <subfield code="d">OCLCQ</subfield>
          </datafield>
          <datafield tag="082" ind1="1" ind2="4">
            <subfield code="a">248.22</subfield>
            <subfield code="2">22</subfield>
          </datafield>
          <datafield tag="100" ind1="1" ind2=" ">
            <subfield code="a">Ruh, Kurt.</subfield>
            <subfield code="4">aut</subfield>
          </datafield>
          <datafield tag="245" ind1="1" ind2="0">
            <subfield code="a">Storia della mistica occidentale</subfield>
            <subfield code="n">2,</subfield>
            <subfield code="p">Mistica femminile e mistica francescana delle origini /</subfield>
            <subfield code="c">Kurt Ruh</subfield>
          </datafield>
          <datafield tag="264" ind1=" " ind2=" ">
            <subfield code="a">Milano</subfield>
            <subfield code="b">Vita e pensiero</subfield>
            <subfield code="c">[2002]</subfield>
          </datafield>
          <datafield tag="300" ind1=" " ind2=" ">
            <subfield code="a">556 p.</subfield>
            <subfield code="c">23 cm</subfield>
          </datafield>
          <datafield tag="336" ind1=" " ind2=" ">
            <subfield code="b">txt</subfield>
            <subfield code="2">rdacontent</subfield>
          </datafield>
          <datafield tag="337" ind1=" " ind2=" ">
            <subfield code="b">n</subfield>
            <subfield code="2">rdamedia</subfield>
          </datafield>
          <datafield tag="338" ind1=" " ind2=" ">
            <subfield code="b">nc</subfield>
            <subfield code="2">rdacarrier</subfield>
          </datafield>
          <datafield tag="650" ind1=" " ind2="4">
            <subfield code="a">MISTICA CRISTIANA</subfield>
            <subfield code="x">Storia</subfield>
          </datafield>
          <datafield tag="773" ind1="0" ind2=" ">
            <subfield code="a">Ruh.</subfield>
            <subfield code="t">Storia della mistica occidentale / Kurt Ruh</subfield>
            <subfield code="g">2</subfield>
          </datafield>
          <datafield tag="988" ind1=" " ind2=" ">
            <subfield code="c">sabina.walder@usi.ch######41SLSP_USI</subfield>
            <subfield code="f">WorldCat (OCLC - SLSP)</subfield>
            <subfield code="i">marc21</subfield>
            <subfield code="h">20230119060711.0</subfield>
            <subfield code="l">66</subfield>
            <subfield code="k">01</subfield>
            <subfield code="e">false</subfield>
            <subfield code="d">2024-06-18 15:07:29 Europe/Zurich</subfield>
            <subfield code="g">ocn889082598</subfield>
            <subfield code="j">20</subfield>
            <subfield code="a">maria.assunta.cerullo@usi.ch######41SLSP_USI</subfield>
            <subfield code="b">2023-01-19 12:07:28 Europe/Zurich</subfield>
          </datafield>
        </record>
      </metadata>
    </record>
  </ListRecords>
</OAI-PMH>
